@book{hastie_NN,
   author={Hastie and Trevor and Tibshirani and Robert and Friedman and Jerome},
   year={2009},
   title = {The Elements of Statistical Learning},
   publisher = {Springer},
   pages={389-409}
}


@article{MSEdecomposition,
   author={Pankaj Mehta and Ching-Hao Wang and Alexandre G. R. Day and Clint Richardson and Marin Bukov and Charles K. Fisher and David J. Schwab},
   title={A high-bias, low-variance introduction to Machine Learning for physicists},
   journal={arxiv.org},
   year=2018,
   pages={12-13}
}


@article{lasso,
    author={Wessel N. van Wieringen},
    title={Lecture notes on ridge regression},
    journal={arxiv.org},
    year=2018,
    pages={60-63}
}


@article{baarravndal,
   author={Baar and Ravndal},
   title={Project 1 FYS-STK4155 Autumn 2018},
   journal={https://github.com/jonabaa/Project1/blob/master/project01.pdf},
   year=2018,
   pages={1-5}
}


@book{ising,
   author={Barry M. McCoy and Tai Tsun Wu},
   year={1973},
   title = {The two-dimensional Ising model},
   publisher = {Harvard University Press},
   pages={2-4}
}


@book{gradient,
   author={G. R. Walsh},
   year={1975},
   title = {Methods of optimization},
   publisher = {John Wiley and sons},
   pages={105-142}
}
